@incollection{werner_district_2013,
	title = {District Heating and Cooling},
	abstract = {{DiVA} portal is a finding tool for research publications and student theses written at the following 49 universities and research institutions.},
	publisher = {Elsevier},
	author = {Werner, Sven},
	urldate = {2020-08-20},
	date = {2013},
	file = {Snapshot:/Users/selvacalixto/Zotero/storage/DYKR7YX3/record.html:text/html}
}

@incollection{grassi_2018,
	title = {Heat Pumps. Fundamentals and Applications},
	publisher = {Springer International Publishing},
	author = {Grassi, Walter},
	date = {2018},
}

@dataset{dipasquale_chiara_2019_3256270,
  author       = {Dipasquale Chiara and
                  Fedrizzi Roberto and
                  Bellini Alessandro and
                  Gustafsson Marcus and
                  Ochs Fabian and
                  Bales Chris},
  title        = {iNSPiRe FP7 - Retrofit solutions database},
  month        = jun,
  year         = 2019,
  publisher    = {Zenodo},
  doi          = {10.5281/zenodo.3256270},
  url          = {https://doi.org/10.5281/zenodo.3256270}
}

@online{noauthor_home_nodate,
	title = {Flexynets project},
	url = {http://www.flexynets.eu/en/},
	urldate = {2020-09-17},
	file = {Snapshot:/Users/selvacalixto/Zotero/storage/7F4MKU4C/en.html:text/html}
}

@online{fitting_curve,
	title = {Fitting cosine and sine functions with machine learning in Python},
	url = {https://towardsdatascience.com/fitting-cosine-sine-functions-with-machine-learning-in-python-610605d9b057},
	urldate = {2020-09-17},
}



@online{deg_days,
	title = {Degree days and Integration Method},
	url = {https://www.degreedays.net/calculation},
	urldate = {2020-09-17},
}



@ARTICLE{2020SciPy-NMeth,
  author  = {Virtanen, Pauli and Gommers, Ralf and Oliphant, Travis E. and
            Haberland, Matt and Reddy, Tyler and Cournapeau, David and
            Burovski, Evgeni and Peterson, Pearu and Weckesser, Warren and
            Bright, Jonathan and {van der Walt}, St{\'e}fan J. and
            Brett, Matthew and Wilson, Joshua and Millman, K. Jarrod and
            Mayorov, Nikolay and Nelson, Andrew R. J. and Jones, Eric and
            Kern, Robert and Larson, Eric and Carey, C J and
            Polat, {\.I}lhan and Feng, Yu and Moore, Eric W. and
            {VanderPlas}, Jake and Laxalde, Denis and Perktold, Josef and
            Cimrman, Robert and Henriksen, Ian and Quintero, E. A. and
            Harris, Charles R. and Archibald, Anne M. and
            Ribeiro, Ant{\^o}nio H. and Pedregosa, Fabian and
            {van Mulbregt}, Paul and {SciPy 1.0 Contributors}},
  title   = {{{SciPy} 1.0: Fundamental Algorithms for Scientific
            Computing in Python}},
  journal = {Nature Methods},
  year    = {2020},
  volume  = {17},
  pages   = {261--272},
  adsurl  = {https://rdcu.be/b08Wh},
  doi     = {10.1038/s41592-019-0686-2},
}

@article{buffa_fifth-generation_2020,
	title = {Fifth-Generation District Heating and Cooling Substations: Demand Response with Artificial Neural Network-Based Model Predictive Control},
	volume = {13},
	rights = {http://creativecommons.org/licenses/by/3.0/},
	url = {https://www.mdpi.com/1996-1073/13/17/4339},
	doi = {10.3390/en13174339},
	shorttitle = {Fifth-Generation District Heating and Cooling Substations},
	pages = {4339},
	number = {17},
	journaltitle = {Energies},
	author = {Buffa, Simone and Soppelsa, Anton and Pipiciello, Mauro and Henze, Gregor and Fedrizzi, Roberto},
	urldate = {2020-09-17},
	date = {2020-01},
	langid = {english},
	note = {Number: 17
Publisher: Multidisciplinary Digital Publishing Institute},
	keywords = {5GDHC, ambient loops, cold district heating, demand side management, heat pump systems, smart energy systems}
}

@article{measurements_of_ground_temperature_at_various_depth,
    author = {Kalogirou, Soteris and Florides, Georgios},
    year = {2004},
    month = {01},
    pages = {},
    title = {Measurements of Ground Temperature at Various Depths}
}


@DataSet{noaa2010dataset,
  author       = {Anthony Arguez and Imke Durre and Scott Applequist and Mike Squires and Russell Vose and Xungang Yin and Rocky Bilotta},
  date         = {2010},
  doi          = {10.7289/V5PN93JP},
  organization = {NOAA National Centers for Environmental Information},
  title        = {NOAA's U.S. Climate Normals (1981-2010). Normals Hourly},
  url          = {https://data.nodc.noaa.gov/cgi-bin/iso?id=gov.noaa.ncdc:C00824#},
  urldate      = {2020-09-18},
}
